%YAML 1.1
%TAG !u! tag:unity3d.com,2011:
--- !u!1001 &100100000
Prefab:
  m_ObjectHideFlags: 1
  serializedVersion: 2
  m_Modification:
    m_TransformParent: {fileID: 0}
    m_Modifications: []
    m_RemovedComponents: []
  m_ParentPrefab: {fileID: 0}
  m_RootGameObject: {fileID: 1803647656196880}
  m_IsPrefabParent: 1
--- !u!1 &1803647656196880
GameObject:
  m_ObjectHideFlags: 0
  m_PrefabParentObject: {fileID: 0}
  m_PrefabInternal: {fileID: 100100000}
  serializedVersion: 5
  m_Component:
  - component: {fileID: 4310168319551092}
  - component: {fileID: 23818029830733998}
  - component: {fileID: 33086968299435338}
  - component: {fileID: 114651518492775330}
  - component: {fileID: 60004300697683408}
  - component: {fileID: 60828252056671920}
  m_Layer: 8
  m_Name: VIGA
  m_TagString: Chao
  m_Icon: {fileID: 0}
  m_NavMeshLayer: 0
  m_StaticEditorFlags: 0
  m_IsActive: 1
--- !u!4 &4310168319551092
Transform:
  m_ObjectHideFlags: 1
  m_PrefabParentObject: {fileID: 0}
  m_PrefabInternal: {fileID: 100100000}
  m_GameObject: {fileID: 1803647656196880}
  m_LocalRotation: {x: -0, y: -0, z: -0, w: 1}
  m_LocalPosition: {x: 4.465249, y: -1.3559074, z: -2.08}
  m_LocalScale: {x: 1, y: 1, z: 1}
  m_Children: []
  m_Father: {fileID: 0}
  m_RootOrder: 0
  m_LocalEulerAnglesHint: {x: 0, y: 0, z: 0}
--- !u!23 &23818029830733998
MeshRenderer:
  m_ObjectHideFlags: 1
  m_PrefabParentObject: {fileID: 0}
  m_PrefabInternal: {fileID: 100100000}
  m_GameObject: {fileID: 1803647656196880}
  m_Enabled: 1
  m_CastShadows: 1
  m_ReceiveShadows: 1
  m_DynamicOccludee: 1
  m_MotionVectors: 1
  m_LightProbeUsage: 1
  m_ReflectionProbeUsage: 1
  m_Materials:
  - {fileID: 2100000, guid: 83dd59bd8d2115f40a95c8bfdfc571bf, type: 2}
  m_StaticBatchInfo:
    firstSubMesh: 0
    subMeshCount: 0
  m_StaticBatchRoot: {fileID: 0}
  m_ProbeAnchor: {fileID: 0}
  m_LightProbeVolumeOverride: {fileID: 0}
  m_ScaleInLightmap: 1
  m_PreserveUVs: 0
  m_IgnoreNormalsForChartDetection: 0
  m_ImportantGI: 0
  m_StitchLightmapSeams: 0
  m_SelectedEditorRenderState: 0
  m_MinimumChartSize: 4
  m_AutoUVMaxDistance: 0.5
  m_AutoUVMaxAngle: 89
  m_LightmapParameters: {fileID: 0}
  m_SortingLayerID: 0
  m_SortingLayer: 0
  m_SortingOrder: 0
--- !u!33 &33086968299435338
MeshFilter:
  m_ObjectHideFlags: 1
  m_PrefabParentObject: {fileID: 0}
  m_PrefabInternal: {fileID: 100100000}
  m_GameObject: {fileID: 1803647656196880}
  m_Mesh: {fileID: 4300000, guid: e2f3cc4289beead45b9be7668852ed9a, type: 2}
--- !u!60 &60004300697683408
PolygonCollider2D:
  m_ObjectHideFlags: 1
  m_PrefabParentObject: {fileID: 0}
  m_PrefabInternal: {fileID: 100100000}
  m_GameObject: {fileID: 1803647656196880}
  m_Enabled: 0
  m_Density: 1
  m_Material: {fileID: 6200000, guid: df3eee67594b6164b89e193ffd086860, type: 2}
  m_IsTrigger: 0
  m_UsedByEffector: 0
  m_UsedByComposite: 0
  m_Offset: {x: 0, y: 0}
  m_SpriteTilingProperty:
    border: {x: 0, y: 0, z: 0, w: 0}
    pivot: {x: 0, y: 0}
    oldSize: {x: 0, y: 0}
    newSize: {x: 0, y: 0}
    adaptiveTilingThreshold: 0
    drawMode: 0
    adaptiveTiling: 0
  m_AutoTiling: 0
  m_Points:
    m_Paths:
    - - {x: 17.012564, y: 1}
      - {x: -17.012564, y: 1}
      - {x: -17.012564, y: -1}
      - {x: 17.012564, y: -1}
--- !u!60 &60828252056671920
PolygonCollider2D:
  m_ObjectHideFlags: 1
  m_PrefabParentObject: {fileID: 0}
  m_PrefabInternal: {fileID: 100100000}
  m_GameObject: {fileID: 1803647656196880}
  m_Enabled: 1
  m_Density: 1
  m_Material: {fileID: 0}
  m_IsTrigger: 0
  m_UsedByEffector: 0
  m_UsedByComposite: 0
  m_Offset: {x: 0, y: 0}
  m_SpriteTilingProperty:
    border: {x: 0, y: 0, z: 0, w: 0}
    pivot: {x: 0, y: 0}
    oldSize: {x: 0, y: 0}
    newSize: {x: 0, y: 0}
    adaptiveTilingThreshold: 0
    drawMode: 0
    adaptiveTiling: 0
  m_AutoTiling: 0
  m_Points:
    m_Paths:
    - - {x: -16.012564, y: -0.1953125}
      - {x: 16.012564, y: -0.1953125}
      - {x: 16.012564, y: -0.1953125}
      - {x: 16.012564, y: 0.1953125}
      - {x: 16.012564, y: 0.1953125}
      - {x: -16.012564, y: 0.1953125}
--- !u!114 &114651518492775330
MonoBehaviour:
  m_ObjectHideFlags: 1
  m_PrefabParentObject: {fileID: 0}
  m_PrefabInternal: {fileID: 100100000}
  m_GameObject: {fileID: 1803647656196880}
  m_Enabled: 1
  m_EditorHideFlags: 0
  m_Script: {fileID: 11500000, guid: c6f66502d17e51d4aae0b1e16d1903a4, type: 3}
  m_Name: 
  m_EditorClassIdentifier: 
  fillY: 0
  fillZ: 0.05
  invertFillBorder: {x: 0, y: 0}
  splitCorners: 1
  pixelsPerUnit: 128
  vertexColorType: 2
  vertexColor: {r: 1, g: 1, b: 1, a: 1}
  vertexGradient:
    serializedVersion: 2
    key0: {r: 1, g: 1, b: 1, a: 1}
    key1: {r: 0, g: 0, b: 0, a: 1}
    key2: {r: 0, g: 0, b: 0, a: 0}
    key3: {r: 0, g: 0, b: 0, a: 0}
    key4: {r: 0, g: 0, b: 0, a: 0}
    key5: {r: 0, g: 0, b: 0, a: 0}
    key6: {r: 0, g: 0, b: 0, a: 0}
    key7: {r: 0, g: 0, b: 0, a: 0}
    ctime0: 0
    ctime1: 65535
    ctime2: 0
    ctime3: 0
    ctime4: 0
    ctime5: 0
    ctime6: 0
    ctime7: 0
    atime0: 0
    atime1: 65535
    atime2: 0
    atime3: 0
    atime4: 0
    atime5: 0
    atime6: 0
    atime7: 0
    m_Mode: 0
    m_NumColorKeys: 2
    m_NumAlphaKeys: 2
  vertexGradientAngle: 90
  vertexGradientDistance: 1.5
  createTangents: 1
  uvOffset: {x: 0, y: 0}
  slantAmount: 0
  fillSplit: 1
  fillSplitDistance: 1
  usedByEffector: 0
  isTrigger: 0
  depth: 4
  physicsMaterial: {fileID: 0}
  physicsMaterial2D: {fileID: 0}
  edgeMode: 0
  fillMode: 0
  useSkirt: 0
  colliderMode: 0
  fillCollider: 0
  pathData:
    _points:
    - {x: 16.210583, y: 0}
    - {x: -16.012564, y: 0}
    _pointControls:
    - radius: 1
      controlNext: {x: 0, y: 0}
      controlPrev: {x: 0, y: 0}
      type: 4
    - radius: 1
      controlNext: {x: 0, y: 0}
      controlPrev: {x: 0, y: 0}
      type: 4
    _closed: 1
    _splitDistance: 1
    _data:
    - directionOverride: 0
      cutOverrides: 
      scale: 1
    - directionOverride: 100
      cutOverrides: 
      scale: 1
  terrainMaterial: {fileID: 0}
  terrainMaterialInterface: {fileID: 11400000, guid: 0b4ee17c22531c24193d0df86e3f1567,
    type: 2}
  fill: 0
  smoothPath: 0
  splitCount: 4
  splitDist: 1
  splitMiddle: 1
  randomByWorldCoordinates: 0
  createCollider: 1
  create3DCollider: 0
  sharpCorners: 0
  sharpCornerDistance: 2
  smoothSphereCollisions: 0
  surfaceOffset:
  - 0
  - 0
  - 0
  - 0
  useEdgeCollider: 0
  colliderThickness: 0.1
  collidersLeft: 1
  collidersRight: 1
  collidersTop: 1
  collidersBottom: 1
  directionOverrides: 
  cutOverrides: []
  vertScales: []
